<?xml version="1.0" encoding="UTF-8"?><collection xmlns="http://www.loc.gov/MARC21/slim"><record><leader>00441nam--2200121-i-4500</leader><controlfield tag="001">000007268</controlfield><controlfield tag="002">20161230</controlfield><controlfield tag="005">20161230201027</controlfield><controlfield tag="008">060222s1000------------r-----000-0-eng-d</controlfield><datafield ind1=" " ind2=" " tag="100"><subfield code="a">Capell, L.T., Walker, D.F., Patterson, A.M</subfield></datafield><datafield ind1=" " ind2=" " tag="245"><subfield code="a">The ring index. a list of ring systems used in organic chemistry. second edition supl.(1957-1959)</subfield></datafield><datafield ind1=" " ind2=" " tag="260"><subfield code="a">Washington, American Chemical Society, 1960</subfield></datafield><datafield ind1=" " ind2=" " tag="490"><subfield code="a">I.F.U.B., 91 (Nuovo Cimento, 7, 866, 1958)</subfield></datafield></record></collection>